%YAML 1.1
%TAG !u! tag:unity3d.com,2011:
--- !u!1102 &-4867772412170649872
AnimatorState:
  serializedVersion: 5
  m_ObjectHideFlags: 1
  m_CorrespondingSourceObject: {fileID: 0}
  m_PrefabInstance: {fileID: 0}
  m_PrefabAsset: {fileID: 0}
  m_Name: LocoMotion
  m_Speed: 1
  m_CycleOffset: 0
  m_Transitions: []
  m_StateMachineBehaviours: []
  m_Position: {x: 50, y: 50, z: 0}
  m_IKOnFeet: 0
  m_WriteDefaultValues: 1
  m_Mirror: 0
  m_SpeedParameterActive: 0
  m_MirrorParameterActive: 0
  m_CycleOffsetParameterActive: 0
  m_TimeParameterActive: 0
  m_Motion: {fileID: 5836486464337751498}
  m_Tag: 
  m_SpeedParameter: 
  m_MirrorParameter: 
  m_CycleOffsetParameter: 
  m_TimeParameter: 
--- !u!206 &-4641766597810701055
BlendTree:
  m_ObjectHideFlags: 1
  m_CorrespondingSourceObject: {fileID: 0}
  m_PrefabInstance: {fileID: 0}
  m_PrefabAsset: {fileID: 0}
  m_Name: Blend Tree
  m_Childs:
  - serializedVersion: 2
    m_Motion: {fileID: 7400000, guid: c675a490185fee945844907619a30abf, type: 2}
    m_Threshold: -1
    m_Position: {x: 0, y: 0}
    m_TimeScale: 1
    m_CycleOffset: 0
    m_DirectBlendParameter: hSpeed
    m_Mirror: 0
  - serializedVersion: 2
    m_Motion: {fileID: 7400000, guid: c675a490185fee945844907619a30abf, type: 2}
    m_Threshold: 1
    m_Position: {x: 0, y: 0}
    m_TimeScale: 1
    m_CycleOffset: 0
    m_DirectBlendParameter: hSpeed
    m_Mirror: 0
  m_BlendParameter: hLastDir
  m_BlendParameterY: hSpeed
  m_MinThreshold: -1
  m_MaxThreshold: 1
  m_UseAutomaticThresholds: 0
  m_NormalizedBlendValues: 0
  m_BlendType: 0
--- !u!1101 &-2405500242549658271
AnimatorStateTransition:
  m_ObjectHideFlags: 1
  m_CorrespondingSourceObject: {fileID: 0}
  m_PrefabInstance: {fileID: 0}
  m_PrefabAsset: {fileID: 0}
  m_Name: 
  m_Conditions: []
  m_DstStateMachine: {fileID: 0}
  m_DstState: {fileID: -4867772412170649872}
  m_Solo: 0
  m_Mute: 0
  m_IsExit: 0
  serializedVersion: 3
  m_TransitionDuration: 0.073045254
  m_TransitionOffset: 0
  m_ExitTime: 0.92341566
  m_HasExitTime: 1
  m_HasFixedDuration: 1
  m_InterruptionSource: 0
  m_OrderedInterruption: 1
  m_CanTransitionToSelf: 1
--- !u!1107 &-1901750878551502797
AnimatorStateMachine:
  serializedVersion: 5
  m_ObjectHideFlags: 1
  m_CorrespondingSourceObject: {fileID: 0}
  m_PrefabInstance: {fileID: 0}
  m_PrefabAsset: {fileID: 0}
  m_Name: Base Layer
  m_ChildStates:
  - serializedVersion: 1
    m_State: {fileID: -4867772412170649872}
    m_Position: {x: 330, y: 110, z: 0}
  - serializedVersion: 1
    m_State: {fileID: -796990414790538977}
    m_Position: {x: 180, y: 240, z: 0}
  - serializedVersion: 1
    m_State: {fileID: -1493296764465929465}
    m_Position: {x: 330, y: 30, z: 0}
  - serializedVersion: 1
    m_State: {fileID: 8124389951779352388}
    m_Position: {x: 450, y: 240, z: 0}
  m_ChildStateMachines: []
  m_AnyStateTransitions: []
  m_EntryTransitions: []
  m_StateMachineTransitions: {}
  m_StateMachineBehaviours: []
  m_AnyStatePosition: {x: 50, y: 20, z: 0}
  m_EntryPosition: {x: 50, y: 120, z: 0}
  m_ExitPosition: {x: 800, y: 120, z: 0}
  m_ParentStateMachinePosition: {x: 800, y: 20, z: 0}
  m_DefaultState: {fileID: -4867772412170649872}
--- !u!1102 &-1493296764465929465
AnimatorState:
  serializedVersion: 5
  m_ObjectHideFlags: 1
  m_CorrespondingSourceObject: {fileID: 0}
  m_PrefabInstance: {fileID: 0}
  m_PrefabAsset: {fileID: 0}
  m_Name: Dead
  m_Speed: 1
  m_CycleOffset: 0
  m_Transitions: []
  m_StateMachineBehaviours: []
  m_Position: {x: 50, y: 50, z: 0}
  m_IKOnFeet: 0
  m_WriteDefaultValues: 1
  m_Mirror: 0
  m_SpeedParameterActive: 0
  m_MirrorParameterActive: 0
  m_CycleOffsetParameterActive: 0
  m_TimeParameterActive: 0
  m_Motion: {fileID: -4641766597810701055}
  m_Tag: 
  m_SpeedParameter: 
  m_MirrorParameter: 
  m_CycleOffsetParameter: 
  m_TimeParameter: 
--- !u!1102 &-796990414790538977
AnimatorState:
  serializedVersion: 5
  m_ObjectHideFlags: 1
  m_CorrespondingSourceObject: {fileID: 0}
  m_PrefabInstance: {fileID: 0}
  m_PrefabAsset: {fileID: 0}
  m_Name: Attack
  m_Speed: 0.375
  m_CycleOffset: 0
  m_Transitions:
  - {fileID: 5232759812133509176}
  m_StateMachineBehaviours: []
  m_Position: {x: 50, y: 50, z: 0}
  m_IKOnFeet: 0
  m_WriteDefaultValues: 1
  m_Mirror: 0
  m_SpeedParameterActive: 0
  m_MirrorParameterActive: 0
  m_CycleOffsetParameterActive: 0
  m_TimeParameterActive: 0
  m_Motion: {fileID: 2092328886244528241}
  m_Tag: 
  m_SpeedParameter: 
  m_MirrorParameter: 
  m_CycleOffsetParameter: 
  m_TimeParameter: 
--- !u!91 &9100000
AnimatorController:
  m_ObjectHideFlags: 0
  m_CorrespondingSourceObject: {fileID: 0}
  m_PrefabInstance: {fileID: 0}
  m_PrefabAsset: {fileID: 0}
  m_Name: Zombie
  serializedVersion: 5
  m_AnimatorParameters:
  - m_Name: hSpeed
    m_Type: 1
    m_DefaultFloat: 0
    m_DefaultInt: 0
    m_DefaultBool: 0
    m_Controller: {fileID: 9100000}
  - m_Name: vSpeed
    m_Type: 1
    m_DefaultFloat: 0
    m_DefaultInt: 0
    m_DefaultBool: 0
    m_Controller: {fileID: 9100000}
  - m_Name: hLastDir
    m_Type: 1
    m_DefaultFloat: 0
    m_DefaultInt: 0
    m_DefaultBool: 0
    m_Controller: {fileID: 9100000}
  - m_Name: vLastDir
    m_Type: 1
    m_DefaultFloat: 0
    m_DefaultInt: 0
    m_DefaultBool: 0
    m_Controller: {fileID: 9100000}
  m_AnimatorLayers:
  - serializedVersion: 5
    m_Name: Base Layer
    m_StateMachine: {fileID: -1901750878551502797}
    m_Mask: {fileID: 0}
    m_Motions: []
    m_Behaviours: []
    m_BlendingMode: 0
    m_SyncedLayerIndex: -1
    m_DefaultWeight: 0
    m_IKPass: 0
    m_SyncedLayerAffectsTiming: 0
    m_Controller: {fileID: 9100000}
--- !u!206 &1068382032749592239
BlendTree:
  m_ObjectHideFlags: 1
  m_CorrespondingSourceObject: {fileID: 0}
  m_PrefabInstance: {fileID: 0}
  m_PrefabAsset: {fileID: 0}
  m_Name: IdleBlend
  m_Childs:
  - serializedVersion: 2
    m_Motion: {fileID: 7400000, guid: e9b698b8840f4aa41a3fcdc78c4f43bb, type: 2}
    m_Threshold: -1
    m_Position: {x: -1, y: 0}
    m_TimeScale: 0.25
    m_CycleOffset: 0
    m_DirectBlendParameter: moveSpeed
    m_Mirror: 0
  - serializedVersion: 2
    m_Motion: {fileID: 7400000, guid: 10a86910e358711489ad10471cbd4e0c, type: 2}
    m_Threshold: -0.3333333
    m_Position: {x: 1, y: 0}
    m_TimeScale: 0.25
    m_CycleOffset: 0
    m_DirectBlendParameter: moveSpeed
    m_Mirror: 0
  - serializedVersion: 2
    m_Motion: {fileID: 7400000, guid: 9d9f1d9ec3d0ddc40a46bdf80eea125c, type: 2}
    m_Threshold: 0.33333337
    m_Position: {x: 0, y: -1}
    m_TimeScale: 0.25
    m_CycleOffset: 0
    m_DirectBlendParameter: hSpeed
    m_Mirror: 0
  - serializedVersion: 2
    m_Motion: {fileID: 7400000, guid: 9d0cec359e4ea8246a45e53777a8b80c, type: 2}
    m_Threshold: 1
    m_Position: {x: 0, y: 1}
    m_TimeScale: 0.25
    m_CycleOffset: 0
    m_DirectBlendParameter: hSpeed
    m_Mirror: 0
  m_BlendParameter: hLastDir
  m_BlendParameterY: vLastDir
  m_MinThreshold: -1
  m_MaxThreshold: 1
  m_UseAutomaticThresholds: 1
  m_NormalizedBlendValues: 0
  m_BlendType: 2
--- !u!206 &2092328886244528241
BlendTree:
  m_ObjectHideFlags: 1
  m_CorrespondingSourceObject: {fileID: 0}
  m_PrefabInstance: {fileID: 0}
  m_PrefabAsset: {fileID: 0}
  m_Name: Blend Tree
  m_Childs:
  - serializedVersion: 2
    m_Motion: {fileID: 7400000, guid: 862469bde1ee3014d993150361fc6edc, type: 2}
    m_Threshold: -1
    m_Position: {x: 1, y: 0}
    m_TimeScale: 2.25
    m_CycleOffset: 0
    m_DirectBlendParameter: hSpeed
    m_Mirror: 0
  - serializedVersion: 2
    m_Motion: {fileID: 7400000, guid: 1d920d500e6430d4fb835c28e4fd666b, type: 2}
    m_Threshold: 1
    m_Position: {x: -1, y: 0}
    m_TimeScale: 2.25
    m_CycleOffset: 0
    m_DirectBlendParameter: hSpeed
    m_Mirror: 0
  - serializedVersion: 2
    m_Motion: {fileID: 7400000, guid: db6e487336fef4b48a564e0d5984c88b, type: 2}
    m_Threshold: 3
    m_Position: {x: 0, y: -1}
    m_TimeScale: 2.25
    m_CycleOffset: 0
    m_DirectBlendParameter: hSpeed
    m_Mirror: 0
  - serializedVersion: 2
    m_Motion: {fileID: 7400000, guid: a8bd4617fd43df64cb40869dfe93b65c, type: 2}
    m_Threshold: 5
    m_Position: {x: 0, y: 1}
    m_TimeScale: 2.25
    m_CycleOffset: 0
    m_DirectBlendParameter: hSpeed
    m_Mirror: 0
  m_BlendParameter: hLastDir
  m_BlendParameterY: vLastDir
  m_MinThreshold: -1
  m_MaxThreshold: 5
  m_UseAutomaticThresholds: 0
  m_NormalizedBlendValues: 0
  m_BlendType: 2
--- !u!1101 &5232759812133509176
AnimatorStateTransition:
  m_ObjectHideFlags: 1
  m_CorrespondingSourceObject: {fileID: 0}
  m_PrefabInstance: {fileID: 0}
  m_PrefabAsset: {fileID: 0}
  m_Name: 
  m_Conditions: []
  m_DstStateMachine: {fileID: 0}
  m_DstState: {fileID: -4867772412170649872}
  m_Solo: 0
  m_Mute: 0
  m_IsExit: 0
  serializedVersion: 3
  m_TransitionDuration: 0.02200222
  m_TransitionOffset: 0
  m_ExitTime: 0.9249173
  m_HasExitTime: 1
  m_HasFixedDuration: 1
  m_InterruptionSource: 0
  m_OrderedInterruption: 1
  m_CanTransitionToSelf: 1
--- !u!206 &5836486464337751498
BlendTree:
  m_ObjectHideFlags: 1
  m_CorrespondingSourceObject: {fileID: 0}
  m_PrefabInstance: {fileID: 0}
  m_PrefabAsset: {fileID: 0}
  m_Name: Blend Tree
  m_Childs:
  - serializedVersion: 2
    m_Motion: {fileID: 7400000, guid: 3a65d9a54e242274da51c94298f92471, type: 2}
    m_Threshold: -1
    m_Position: {x: 2, y: 0}
    m_TimeScale: 2.25
    m_CycleOffset: 0
    m_DirectBlendParameter: moveSpeed
    m_Mirror: 0
  - serializedVersion: 2
    m_Motion: {fileID: 7400000, guid: 10a86910e358711489ad10471cbd4e0c, type: 2}
    m_Threshold: -0.1
    m_Position: {x: 0.225, y: 0}
    m_TimeScale: 1
    m_CycleOffset: 0
    m_DirectBlendParameter: moveSpeed
    m_Mirror: 0
  - serializedVersion: 2
    m_Motion: {fileID: 7400000, guid: 8ede4bc66a590824d8bc385351b345d1, type: 2}
    m_Threshold: 0
    m_Position: {x: -2, y: 0}
    m_TimeScale: 2.5
    m_CycleOffset: 0
    m_DirectBlendParameter: moveSpeed
    m_Mirror: 0
  - serializedVersion: 2
    m_Motion: {fileID: 7400000, guid: e9b698b8840f4aa41a3fcdc78c4f43bb, type: 2}
    m_Threshold: 0.1
    m_Position: {x: -0.225, y: 0}
    m_TimeScale: 1
    m_CycleOffset: 0
    m_DirectBlendParameter: moveSpeed
    m_Mirror: 0
  - serializedVersion: 2
    m_Motion: {fileID: 7400000, guid: 2bbf48739cda45d4fa0fec7e0d4f8f85, type: 2}
    m_Threshold: 1
    m_Position: {x: 0, y: 2}
    m_TimeScale: 2.5
    m_CycleOffset: 0
    m_DirectBlendParameter: hSpeed
    m_Mirror: 0
  - serializedVersion: 2
    m_Motion: {fileID: 7400000, guid: 9d0cec359e4ea8246a45e53777a8b80c, type: 2}
    m_Threshold: 1.9
    m_Position: {x: 0, y: 0.225}
    m_TimeScale: 1
    m_CycleOffset: 0
    m_DirectBlendParameter: hSpeed
    m_Mirror: 0
  - serializedVersion: 2
    m_Motion: {fileID: 7400000, guid: 77ccd28daa55eb54cbc406e85e387445, type: 2}
    m_Threshold: 2.8
    m_Position: {x: 0, y: -2}
    m_TimeScale: 2.5
    m_CycleOffset: 0
    m_DirectBlendParameter: hSpeed
    m_Mirror: 0
  - serializedVersion: 2
    m_Motion: {fileID: 7400000, guid: 9d9f1d9ec3d0ddc40a46bdf80eea125c, type: 2}
    m_Threshold: 3.6999998
    m_Position: {x: 0, y: -0.225}
    m_TimeScale: 1
    m_CycleOffset: 0
    m_DirectBlendParameter: hSpeed
    m_Mirror: 0
  - serializedVersion: 2
    m_Motion: {fileID: 1068382032749592239}
    m_Threshold: 4.5999994
    m_Position: {x: 0, y: 0}
    m_TimeScale: 1
    m_CycleOffset: 0
    m_DirectBlendParameter: moveSpeed
    m_Mirror: 0
  m_BlendParameter: hSpeed
  m_BlendParameterY: vSpeed
  m_MinThreshold: -1
  m_MaxThreshold: 4.5999994
  m_UseAutomaticThresholds: 0
  m_NormalizedBlendValues: 0
  m_BlendType: 2
--- !u!206 &6456811534371320647
BlendTree:
  m_ObjectHideFlags: 1
  m_CorrespondingSourceObject: {fileID: 0}
  m_PrefabInstance: {fileID: 0}
  m_PrefabAsset: {fileID: 0}
  m_Name: Blend Tree
  m_Childs:
  - serializedVersion: 2
    m_Motion: {fileID: 7400000, guid: 1d920d500e6430d4fb835c28e4fd666b, type: 2}
    m_Threshold: -1
    m_Position: {x: -1, y: 0}
    m_TimeScale: 1.5
    m_CycleOffset: 0
    m_DirectBlendParameter: hSpeed
    m_Mirror: 0
  - serializedVersion: 2
    m_Motion: {fileID: 7400000, guid: 862469bde1ee3014d993150361fc6edc, type: 2}
    m_Threshold: 1
    m_Position: {x: 1, y: 0}
    m_TimeScale: 1.5
    m_CycleOffset: 0
    m_DirectBlendParameter: hSpeed
    m_Mirror: 0
  - serializedVersion: 2
    m_Motion: {fileID: 7400000, guid: a8bd4617fd43df64cb40869dfe93b65c, type: 2}
    m_Threshold: 3
    m_Position: {x: 0, y: -1}
    m_TimeScale: 1.5
    m_CycleOffset: 0
    m_DirectBlendParameter: hSpeed
    m_Mirror: 0
  - serializedVersion: 2
    m_Motion: {fileID: 7400000, guid: db6e487336fef4b48a564e0d5984c88b, type: 2}
    m_Threshold: 5
    m_Position: {x: 0, y: 1}
    m_TimeScale: 1.5
    m_CycleOffset: 0
    m_DirectBlendParameter: hSpeed
    m_Mirror: 0
  m_BlendParameter: hLastDir
  m_BlendParameterY: vLastDir
  m_MinThreshold: -1
  m_MaxThreshold: 5
  m_UseAutomaticThresholds: 0
  m_NormalizedBlendValues: 0
  m_BlendType: 2
--- !u!1102 &8124389951779352388
AnimatorState:
  serializedVersion: 5
  m_ObjectHideFlags: 1
  m_CorrespondingSourceObject: {fileID: 0}
  m_PrefabInstance: {fileID: 0}
  m_PrefabAsset: {fileID: 0}
  m_Name: ThrowAttack
  m_Speed: 1
  m_CycleOffset: 0
  m_Transitions:
  - {fileID: -2405500242549658271}
  m_StateMachineBehaviours: []
  m_Position: {x: 50, y: 50, z: 0}
  m_IKOnFeet: 0
  m_WriteDefaultValues: 1
  m_Mirror: 0
  m_SpeedParameterActive: 0
  m_MirrorParameterActive: 0
  m_CycleOffsetParameterActive: 0
  m_TimeParameterActive: 0
  m_Motion: {fileID: 6456811534371320647}
  m_Tag: 
  m_SpeedParameter: 
  m_MirrorParameter: 
  m_CycleOffsetParameter: 
  m_TimeParameter: 
