%YAML 1.1
%TAG !u! tag:unity3d.com,2011:
--- !u!1 &6950712408896767359
GameObject:
  m_ObjectHideFlags: 0
  m_CorrespondingSourceObject: {fileID: 0}
  m_PrefabInstance: {fileID: 0}
  m_PrefabAsset: {fileID: 0}
  serializedVersion: 6
  m_Component:
  - component: {fileID: 6950712408896767358}
  m_Layer: 0
  m_Name: bone_9
  m_TagString: Untagged
  m_Icon: {fileID: 0}
  m_NavMeshLayer: 0
  m_StaticEditorFlags: 0
  m_IsActive: 1
--- !u!4 &6950712408896767358
Transform:
  m_ObjectHideFlags: 0
  m_CorrespondingSourceObject: {fileID: 0}
  m_PrefabInstance: {fileID: 0}
  m_PrefabAsset: {fileID: 0}
  m_GameObject: {fileID: 6950712408896767359}
  m_LocalRotation: {x: 0.0000000029928582, y: 0.00000018886111, z: 0.18024765, w: 0.9836213}
  m_LocalPosition: {x: 0.07858369, y: -0.000000059738475, z: 0}
  m_LocalScale: {x: 1, y: 1, z: 1}
  m_Children:
  - {fileID: 6950712409477208077}
  m_Father: {fileID: 6950712410256309856}
  m_RootOrder: 0
  m_LocalEulerAnglesHint: {x: 0, y: 0, z: 0}
--- !u!1 &6950712409089752063
GameObject:
  m_ObjectHideFlags: 0
  m_CorrespondingSourceObject: {fileID: 0}
  m_PrefabInstance: {fileID: 0}
  m_PrefabAsset: {fileID: 0}
  serializedVersion: 6
  m_Component:
  - component: {fileID: 6950712409089752062}
  m_Layer: 0
  m_Name: Target
  m_TagString: Untagged
  m_Icon: {fileID: 0}
  m_NavMeshLayer: 0
  m_StaticEditorFlags: 0
  m_IsActive: 1
--- !u!4 &6950712409089752062
Transform:
  m_ObjectHideFlags: 0
  m_CorrespondingSourceObject: {fileID: 0}
  m_PrefabInstance: {fileID: 0}
  m_PrefabAsset: {fileID: 0}
  m_GameObject: {fileID: 6950712409089752063}
  m_LocalRotation: {x: -0, y: -0, z: 0.7071077, w: 0.7071059}
  m_LocalPosition: {x: -0.591, y: 0.192, z: 0}
  m_LocalScale: {x: 1, y: 1, z: 1}
  m_Children: []
  m_Father: {fileID: 6950712410115843379}
  m_RootOrder: 2
  m_LocalEulerAnglesHint: {x: 0, y: 0, z: 0}
--- !u!1 &6950712409295761693
GameObject:
  m_ObjectHideFlags: 0
  m_CorrespondingSourceObject: {fileID: 0}
  m_PrefabInstance: {fileID: 0}
  m_PrefabAsset: {fileID: 0}
  serializedVersion: 6
  m_Component:
  - component: {fileID: 6950712409295761692}
  m_Layer: 0
  m_Name: bone_11
  m_TagString: Untagged
  m_Icon: {fileID: 0}
  m_NavMeshLayer: 0
  m_StaticEditorFlags: 0
  m_IsActive: 1
--- !u!4 &6950712409295761692
Transform:
  m_ObjectHideFlags: 0
  m_CorrespondingSourceObject: {fileID: 0}
  m_PrefabInstance: {fileID: 0}
  m_PrefabAsset: {fileID: 0}
  m_GameObject: {fileID: 6950712409295761693}
  m_LocalRotation: {x: -0.000000009086051, y: -0.0000006543597, z: 0.2842698, w: 0.9587444}
  m_LocalPosition: {x: 0.07674179, y: 0.000000019834827, z: 0}
  m_LocalScale: {x: 1, y: 1, z: 1}
  m_Children:
  - {fileID: 6950712409820111710}
  m_Father: {fileID: 6950712409477208077}
  m_RootOrder: 0
  m_LocalEulerAnglesHint: {x: 0, y: 0, z: 0}
--- !u!1 &6950712409477208078
GameObject:
  m_ObjectHideFlags: 0
  m_CorrespondingSourceObject: {fileID: 0}
  m_PrefabInstance: {fileID: 0}
  m_PrefabAsset: {fileID: 0}
  serializedVersion: 6
  m_Component:
  - component: {fileID: 6950712409477208077}
  m_Layer: 0
  m_Name: bone_10
  m_TagString: Untagged
  m_Icon: {fileID: 0}
  m_NavMeshLayer: 0
  m_StaticEditorFlags: 0
  m_IsActive: 1
--- !u!4 &6950712409477208077
Transform:
  m_ObjectHideFlags: 0
  m_CorrespondingSourceObject: {fileID: 0}
  m_PrefabInstance: {fileID: 0}
  m_PrefabAsset: {fileID: 0}
  m_GameObject: {fileID: 6950712409477208078}
  m_LocalRotation: {x: 0.00000005555927, y: 0.00000069651406, z: 0.17287347, w: 0.98494405}
  m_LocalPosition: {x: 0.08024185, y: 0.00000021245638, z: 0}
  m_LocalScale: {x: 1, y: 1, z: 1}
  m_Children:
  - {fileID: 6950712409295761692}
  m_Father: {fileID: 6950712408896767358}
  m_RootOrder: 0
  m_LocalEulerAnglesHint: {x: 0, y: 0, z: 0}
--- !u!1 &6950712409505250760
GameObject:
  m_ObjectHideFlags: 0
  m_CorrespondingSourceObject: {fileID: 0}
  m_PrefabInstance: {fileID: 0}
  m_PrefabAsset: {fileID: 0}
  serializedVersion: 6
  m_Component:
  - component: {fileID: 6950712409505250775}
  m_Layer: 0
  m_Name: bone_5
  m_TagString: Untagged
  m_Icon: {fileID: 0}
  m_NavMeshLayer: 0
  m_StaticEditorFlags: 0
  m_IsActive: 1
--- !u!4 &6950712409505250775
Transform:
  m_ObjectHideFlags: 0
  m_CorrespondingSourceObject: {fileID: 0}
  m_PrefabInstance: {fileID: 0}
  m_PrefabAsset: {fileID: 0}
  m_GameObject: {fileID: 6950712409505250760}
  m_LocalRotation: {x: 0.000000002154772, y: 0.000000022129328, z: -0.0005945083,
    w: 0.9999998}
  m_LocalPosition: {x: 0.1370749, y: -0.000000029691195, z: 0}
  m_LocalScale: {x: 1, y: 1, z: 1}
  m_Children:
  - {fileID: 6950712410964608806}
  m_Father: {fileID: 6950712410433925364}
  m_RootOrder: 0
  m_LocalEulerAnglesHint: {x: 0, y: 0, z: 0}
--- !u!1 &6950712409590729825
GameObject:
  m_ObjectHideFlags: 0
  m_CorrespondingSourceObject: {fileID: 0}
  m_PrefabInstance: {fileID: 0}
  m_PrefabAsset: {fileID: 0}
  serializedVersion: 6
  m_Component:
  - component: {fileID: 6950712409590729824}
  m_Layer: 0
  m_Name: bone_1
  m_TagString: Untagged
  m_Icon: {fileID: 0}
  m_NavMeshLayer: 0
  m_StaticEditorFlags: 0
  m_IsActive: 1
--- !u!4 &6950712409590729824
Transform:
  m_ObjectHideFlags: 0
  m_CorrespondingSourceObject: {fileID: 0}
  m_PrefabInstance: {fileID: 0}
  m_PrefabAsset: {fileID: 0}
  m_GameObject: {fileID: 6950712409590729825}
  m_LocalRotation: {x: 0, y: 0, z: 0.70114017, w: 0.7130235}
  m_LocalPosition: {x: 0.011719895, y: -0.5902588, z: 0}
  m_LocalScale: {x: 1, y: 1, z: 1}
  m_Children:
  - {fileID: 6950712409755144375}
  m_Father: {fileID: 6950712410115843379}
  m_RootOrder: 0
  m_LocalEulerAnglesHint: {x: 0, y: 0, z: 0}
--- !u!1 &6950712409755144360
GameObject:
  m_ObjectHideFlags: 0
  m_CorrespondingSourceObject: {fileID: 0}
  m_PrefabInstance: {fileID: 0}
  m_PrefabAsset: {fileID: 0}
  serializedVersion: 6
  m_Component:
  - component: {fileID: 6950712409755144375}
  m_Layer: 0
  m_Name: bone_2
  m_TagString: Untagged
  m_Icon: {fileID: 0}
  m_NavMeshLayer: 0
  m_StaticEditorFlags: 0
  m_IsActive: 1
--- !u!4 &6950712409755144375
Transform:
  m_ObjectHideFlags: 0
  m_CorrespondingSourceObject: {fileID: 0}
  m_PrefabInstance: {fileID: 0}
  m_PrefabAsset: {fileID: 0}
  m_GameObject: {fileID: 6950712409755144360}
  m_LocalRotation: {x: 0, y: 0, z: 0.15406495, w: 0.9880607}
  m_LocalPosition: {x: 0.18143946, y: -0.000000017501042, z: 0}
  m_LocalScale: {x: 1, y: 1, z: 1}
  m_Children:
  - {fileID: 6950712410556602011}
  m_Father: {fileID: 6950712409590729824}
  m_RootOrder: 0
  m_LocalEulerAnglesHint: {x: 0, y: 0, z: 0}
--- !u!1 &6950712409820111711
GameObject:
  m_ObjectHideFlags: 0
  m_CorrespondingSourceObject: {fileID: 0}
  m_PrefabInstance: {fileID: 0}
  m_PrefabAsset: {fileID: 0}
  serializedVersion: 6
  m_Component:
  - component: {fileID: 6950712409820111710}
  m_Layer: 0
  m_Name: bone_12
  m_TagString: Untagged
  m_Icon: {fileID: 0}
  m_NavMeshLayer: 0
  m_StaticEditorFlags: 0
  m_IsActive: 1
--- !u!4 &6950712409820111710
Transform:
  m_ObjectHideFlags: 0
  m_CorrespondingSourceObject: {fileID: 0}
  m_PrefabInstance: {fileID: 0}
  m_PrefabAsset: {fileID: 0}
  m_GameObject: {fileID: 6950712409820111711}
  m_LocalRotation: {x: -3.3367617e-13, y: 0.0000006302233, z: 0.3730347, w: 0.92781746}
  m_LocalPosition: {x: 0.051141564, y: 0.00000009944595, z: 0}
  m_LocalScale: {x: 1, y: 1, z: 1}
  m_Children:
  - {fileID: 6950712410948100947}
  m_Father: {fileID: 6950712409295761692}
  m_RootOrder: 0
  m_LocalEulerAnglesHint: {x: 0, y: 0, z: 0}
--- !u!1 &6950712410115843382
GameObject:
  m_ObjectHideFlags: 0
  m_CorrespondingSourceObject: {fileID: 0}
  m_PrefabInstance: {fileID: 0}
  m_PrefabAsset: {fileID: 0}
  serializedVersion: 6
  m_Component:
  - component: {fileID: 6950712410115843379}
  - component: {fileID: 6950712410115843380}
  - component: {fileID: 6950712410115843381}
  - component: {fileID: 6950712410115843378}
  m_Layer: 0
  m_Name: TentacleBarrier
  m_TagString: Untagged
  m_Icon: {fileID: 0}
  m_NavMeshLayer: 0
  m_StaticEditorFlags: 0
  m_IsActive: 1
--- !u!4 &6950712410115843379
Transform:
  m_ObjectHideFlags: 0
  m_CorrespondingSourceObject: {fileID: 0}
  m_PrefabInstance: {fileID: 0}
  m_PrefabAsset: {fileID: 0}
  m_GameObject: {fileID: 6950712410115843382}
  m_LocalRotation: {x: 0.7071068, y: 0, z: 0, w: 0.7071068}
  m_LocalPosition: {x: 0, y: -0.16051622, z: 0.25174174}
  m_LocalScale: {x: 1, y: 1, z: 1}
  m_Children:
  - {fileID: 6950712409590729824}
  - {fileID: 6950712410194250965}
  - {fileID: 6950712409089752062}
  m_Father: {fileID: 0}
  m_RootOrder: 0
  m_LocalEulerAnglesHint: {x: 90, y: 0, z: 0}
--- !u!212 &6950712410115843380
SpriteRenderer:
  m_ObjectHideFlags: 0
  m_CorrespondingSourceObject: {fileID: 0}
  m_PrefabInstance: {fileID: 0}
  m_PrefabAsset: {fileID: 0}
  m_GameObject: {fileID: 6950712410115843382}
  m_Enabled: 1
  m_CastShadows: 0
  m_ReceiveShadows: 0
  m_DynamicOccludee: 1
  m_MotionVectors: 1
  m_LightProbeUsage: 1
  m_ReflectionProbeUsage: 1
  m_RayTracingMode: 0
  m_RenderingLayerMask: 1
  m_RendererPriority: 0
  m_Materials:
  - {fileID: 10754, guid: 0000000000000000f000000000000000, type: 0}
  m_StaticBatchInfo:
    firstSubMesh: 0
    subMeshCount: 0
  m_StaticBatchRoot: {fileID: 0}
  m_ProbeAnchor: {fileID: 0}
  m_LightProbeVolumeOverride: {fileID: 0}
  m_ScaleInLightmap: 1
  m_ReceiveGI: 1
  m_PreserveUVs: 0
  m_IgnoreNormalsForChartDetection: 0
  m_ImportantGI: 0
  m_StitchLightmapSeams: 1
  m_SelectedEditorRenderState: 0
  m_MinimumChartSize: 4
  m_AutoUVMaxDistance: 0.5
  m_AutoUVMaxAngle: 89
  m_LightmapParameters: {fileID: 0}
  m_SortingLayerID: 0
  m_SortingLayer: 0
  m_SortingOrder: 0
  m_Sprite: {fileID: 21300000, guid: 99180849588a0b64ba0b9119da56118f, type: 3}
  m_Color: {r: 1, g: 1, b: 1, a: 1}
  m_FlipX: 0
  m_FlipY: 0
  m_DrawMode: 0
  m_Size: {x: 2.5, y: 1.4}
  m_AdaptiveModeThreshold: 0.5
  m_SpriteTileMode: 0
  m_WasSpriteAssigned: 1
  m_MaskInteraction: 0
  m_SpriteSortPoint: 0
--- !u!114 &6950712410115843381
MonoBehaviour:
  m_ObjectHideFlags: 0
  m_CorrespondingSourceObject: {fileID: 0}
  m_PrefabInstance: {fileID: 0}
  m_PrefabAsset: {fileID: 0}
  m_GameObject: {fileID: 6950712410115843382}
  m_Enabled: 1
  m_EditorHideFlags: 0
  m_Script: {fileID: 11500000, guid: 57c008f954fe54a8bb972de1018a2cb8, type: 3}
  m_Name: 
  m_EditorClassIdentifier: 
  m_RootBone: {fileID: 6950712409590729824}
  m_BoneTransforms:
  - {fileID: 6950712409590729824}
  - {fileID: 6950712409755144375}
  - {fileID: 6950712410556602011}
  - {fileID: 6950712410433925364}
  - {fileID: 6950712409505250775}
  - {fileID: 6950712410964608806}
  - {fileID: 6950712410817314415}
  - {fileID: 6950712410256309856}
  - {fileID: 6950712408896767358}
  - {fileID: 6950712409477208077}
  - {fileID: 6950712409295761692}
  - {fileID: 6950712409820111710}
  m_Bounds:
    m_Center: {x: -0.2060202, y: -0.13448834, z: -0.000000047133767}
    m_Extent: {x: 0.30613318, y: 0.47689688, z: 0.00000006474011}
  m_UseBatching: 1
  m_AlwaysUpdate: 1
--- !u!114 &6950712410115843378
MonoBehaviour:
  m_ObjectHideFlags: 0
  m_CorrespondingSourceObject: {fileID: 0}
  m_PrefabInstance: {fileID: 0}
  m_PrefabAsset: {fileID: 0}
  m_GameObject: {fileID: 6950712410115843382}
  m_Enabled: 1
  m_EditorHideFlags: 0
  m_Script: {fileID: 11500000, guid: 097b551f2844b054290f18a39bf892e9, type: 3}
  m_Name: 
  m_EditorClassIdentifier: 
  m_Solvers:
  - {fileID: 6950712410194250966}
  m_Weight: 1
  m_SolverEditorData:
  - color: {r: 0, g: 1, b: 0, a: 1}
    showGizmo: 1
--- !u!1 &6950712410194250967
GameObject:
  m_ObjectHideFlags: 0
  m_CorrespondingSourceObject: {fileID: 0}
  m_PrefabInstance: {fileID: 0}
  m_PrefabAsset: {fileID: 0}
  serializedVersion: 6
  m_Component:
  - component: {fileID: 6950712410194250965}
  - component: {fileID: 6950712410194250966}
  m_Layer: 0
  m_Name: CCDSolver2D
  m_TagString: Untagged
  m_Icon: {fileID: 0}
  m_NavMeshLayer: 0
  m_StaticEditorFlags: 0
  m_IsActive: 1
--- !u!4 &6950712410194250965
Transform:
  m_ObjectHideFlags: 0
  m_CorrespondingSourceObject: {fileID: 0}
  m_PrefabInstance: {fileID: 0}
  m_PrefabAsset: {fileID: 0}
  m_GameObject: {fileID: 6950712410194250967}
  m_LocalRotation: {x: -0, y: -0, z: -0, w: 1}
  m_LocalPosition: {x: 0, y: 0, z: 0}
  m_LocalScale: {x: 1, y: 1, z: 1}
  m_Children: []
  m_Father: {fileID: 6950712410115843379}
  m_RootOrder: 1
  m_LocalEulerAnglesHint: {x: 0, y: 0, z: 0}
--- !u!114 &6950712410194250966
MonoBehaviour:
  m_ObjectHideFlags: 0
  m_CorrespondingSourceObject: {fileID: 0}
  m_PrefabInstance: {fileID: 0}
  m_PrefabAsset: {fileID: 0}
  m_GameObject: {fileID: 6950712410194250967}
  m_Enabled: 1
  m_EditorHideFlags: 0
  m_Script: {fileID: 11500000, guid: ef93bb9fe9d240e418a7fb8b476f3d34, type: 3}
  m_Name: 
  m_EditorClassIdentifier: 
  m_ConstrainRotation: 1
  m_SolveFromDefaultPose: 1
  m_Weight: 1
  m_Chain:
    m_EffectorTransform: {fileID: 6950712410948100947}
    m_TargetTransform: {fileID: 6950712409089752062}
    m_TransformCount: 13
    m_Transforms:
    - {fileID: 6950712409590729824}
    - {fileID: 6950712409755144375}
    - {fileID: 6950712410556602011}
    - {fileID: 6950712410433925364}
    - {fileID: 6950712409505250775}
    - {fileID: 6950712410964608806}
    - {fileID: 6950712410817314415}
    - {fileID: 6950712410256309856}
    - {fileID: 6950712408896767358}
    - {fileID: 6950712409477208077}
    - {fileID: 6950712409295761692}
    - {fileID: 6950712409820111710}
    - {fileID: 6950712410948100947}
    m_DefaultLocalRotations:
    - {x: 0, y: 0, z: 0.68603134, w: 0.7275721}
    - {x: 0, y: 0, z: 0.12294705, w: 0.9924132}
    - {x: 0, y: 0, z: 0.0076428102, w: 0.9999708}
    - {x: 0, y: 0, z: -0.201875, w: 0.9794113}
    - {x: 0, y: 0, z: -0.09691368, w: 0.9952928}
    - {x: 0, y: 0, z: -0.0144991595, w: 0.9998949}
    - {x: 0, y: 0, z: 0.23435275, w: 0.97215164}
    - {x: 0, y: 0, z: 0.08598951, w: 0.99629605}
    - {x: 0, y: 0, z: -0.01584753, w: 0.9998744}
    - {x: 0, y: 0, z: -0.0795153, w: 0.9968337}
    - {x: 0, y: 0, z: -0.013886002, w: 0.9999036}
    - {x: 0, y: 0, z: 0.00000052945705, w: 1}
    - {x: -0, y: -0, z: -0.000000007916524, w: 1}
    m_StoredLocalRotations:
    - {x: 0, y: 0, z: 0.68603134, w: 0.7275721}
    - {x: 0, y: 0, z: 0.12294705, w: 0.9924132}
    - {x: 0, y: 0, z: 0.0076428102, w: 0.9999708}
    - {x: 0, y: 0, z: -0.201875, w: 0.9794113}
    - {x: 0, y: 0, z: -0.09691368, w: 0.9952928}
    - {x: 0, y: 0, z: -0.0144991595, w: 0.9998949}
    - {x: 0, y: 0, z: 0.23435275, w: 0.97215164}
    - {x: 0, y: 0, z: 0.08598951, w: 0.99629605}
    - {x: 0, y: 0, z: -0.01584753, w: 0.9998744}
    - {x: 0, y: 0, z: -0.0795153, w: 0.9968337}
    - {x: 0, y: 0, z: -0.013886002, w: 0.9999036}
    - {x: 0, y: 0, z: 0.00000052945705, w: 1}
    - {x: -0, y: -0, z: -0.000000007916524, w: 1}
  m_Iterations: 1
  m_Tolerance: 0.01
  m_Velocity: 0.341
--- !u!1 &6950712410256309857
GameObject:
  m_ObjectHideFlags: 0
  m_CorrespondingSourceObject: {fileID: 0}
  m_PrefabInstance: {fileID: 0}
  m_PrefabAsset: {fileID: 0}
  serializedVersion: 6
  m_Component:
  - component: {fileID: 6950712410256309856}
  m_Layer: 0
  m_Name: bone_8
  m_TagString: Untagged
  m_Icon: {fileID: 0}
  m_NavMeshLayer: 0
  m_StaticEditorFlags: 0
  m_IsActive: 1
--- !u!4 &6950712410256309856
Transform:
  m_ObjectHideFlags: 0
  m_CorrespondingSourceObject: {fileID: 0}
  m_PrefabInstance: {fileID: 0}
  m_PrefabAsset: {fileID: 0}
  m_GameObject: {fileID: 6950712410256309857}
  m_LocalRotation: {x: 0.00000001437618, y: -0.00000016656752, z: 0.23462519, w: 0.97208595}
  m_LocalPosition: {x: 0.091727756, y: 0.000000051403816, z: 0}
  m_LocalScale: {x: 1, y: 1, z: 1}
  m_Children:
  - {fileID: 6950712408896767358}
  m_Father: {fileID: 6950712410817314415}
  m_RootOrder: 0
  m_LocalEulerAnglesHint: {x: 0, y: 0, z: 0}
--- !u!1 &6950712410433925365
GameObject:
  m_ObjectHideFlags: 0
  m_CorrespondingSourceObject: {fileID: 0}
  m_PrefabInstance: {fileID: 0}
  m_PrefabAsset: {fileID: 0}
  serializedVersion: 6
  m_Component:
  - component: {fileID: 6950712410433925364}
  m_Layer: 0
  m_Name: bone_4
  m_TagString: Untagged
  m_Icon: {fileID: 0}
  m_NavMeshLayer: 0
  m_StaticEditorFlags: 0
  m_IsActive: 1
--- !u!4 &6950712410433925364
Transform:
  m_ObjectHideFlags: 0
  m_CorrespondingSourceObject: {fileID: 0}
  m_PrefabInstance: {fileID: 0}
  m_PrefabAsset: {fileID: 0}
  m_GameObject: {fileID: 6950712410433925365}
  m_LocalRotation: {x: -0.000000016013125, y: -0.00000007768876, z: -0.12402553, w: 0.99227905}
  m_LocalPosition: {x: 0.14794025, y: 0.000000118920944, z: 0}
  m_LocalScale: {x: 1, y: 1, z: 1}
  m_Children:
  - {fileID: 6950712409505250775}
  m_Father: {fileID: 6950712410556602011}
  m_RootOrder: 0
  m_LocalEulerAnglesHint: {x: 0, y: 0, z: 0}
--- !u!1 &6950712410556602012
GameObject:
  m_ObjectHideFlags: 0
  m_CorrespondingSourceObject: {fileID: 0}
  m_PrefabInstance: {fileID: 0}
  m_PrefabAsset: {fileID: 0}
  serializedVersion: 6
  m_Component:
  - component: {fileID: 6950712410556602011}
  m_Layer: 0
  m_Name: bone_3
  m_TagString: Untagged
  m_Icon: {fileID: 0}
  m_NavMeshLayer: 0
  m_StaticEditorFlags: 0
  m_IsActive: 1
--- !u!4 &6950712410556602011
Transform:
  m_ObjectHideFlags: 0
  m_CorrespondingSourceObject: {fileID: 0}
  m_PrefabInstance: {fileID: 0}
  m_PrefabAsset: {fileID: 0}
  m_GameObject: {fileID: 6950712410556602012}
  m_LocalRotation: {x: -1.9272182e-10, y: 0.00000002521271, z: 0.058327504, w: 0.9982975}
  m_LocalPosition: {x: 0.21690187, y: -0.000000023764242, z: 0}
  m_LocalScale: {x: 1, y: 1, z: 1}
  m_Children:
  - {fileID: 6950712410433925364}
  m_Father: {fileID: 6950712409755144375}
  m_RootOrder: 0
  m_LocalEulerAnglesHint: {x: 0, y: 0, z: 0}
--- !u!1 &6950712410817314400
GameObject:
  m_ObjectHideFlags: 0
  m_CorrespondingSourceObject: {fileID: 0}
  m_PrefabInstance: {fileID: 0}
  m_PrefabAsset: {fileID: 0}
  serializedVersion: 6
  m_Component:
  - component: {fileID: 6950712410817314415}
  m_Layer: 0
  m_Name: bone_7
  m_TagString: Untagged
  m_Icon: {fileID: 0}
  m_NavMeshLayer: 0
  m_StaticEditorFlags: 0
  m_IsActive: 1
--- !u!4 &6950712410817314415
Transform:
  m_ObjectHideFlags: 0
  m_CorrespondingSourceObject: {fileID: 0}
  m_PrefabInstance: {fileID: 0}
  m_PrefabAsset: {fileID: 0}
  m_GameObject: {fileID: 6950712410817314400}
  m_LocalRotation: {x: 0.000000017372402, y: -0.000000072064736, z: 0.35130283, w: 0.93626195}
  m_LocalPosition: {x: 0.07724317, y: -0.00000007863867, z: 0}
  m_LocalScale: {x: 1, y: 1, z: 1}
  m_Children:
  - {fileID: 6950712410256309856}
  m_Father: {fileID: 6950712410964608806}
  m_RootOrder: 0
  m_LocalEulerAnglesHint: {x: 0, y: 0, z: 0}
--- !u!1 &6950712410948100948
GameObject:
  m_ObjectHideFlags: 0
  m_CorrespondingSourceObject: {fileID: 0}
  m_PrefabInstance: {fileID: 0}
  m_PrefabAsset: {fileID: 0}
  serializedVersion: 6
  m_Component:
  - component: {fileID: 6950712410948100947}
  m_Layer: 0
  m_Name: Effector
  m_TagString: Untagged
  m_Icon: {fileID: 0}
  m_NavMeshLayer: 0
  m_StaticEditorFlags: 0
  m_IsActive: 1
--- !u!4 &6950712410948100947
Transform:
  m_ObjectHideFlags: 0
  m_CorrespondingSourceObject: {fileID: 0}
  m_PrefabInstance: {fileID: 0}
  m_PrefabAsset: {fileID: 0}
  m_GameObject: {fileID: 6950712410948100948}
  m_LocalRotation: {x: 0.00000033388977, y: -0.00000029613034, z: -0.9760211, w: -0.21767622}
  m_LocalPosition: {x: 0.057, y: -0, z: 0}
  m_LocalScale: {x: 1, y: 1, z: 1}
  m_Children: []
  m_Father: {fileID: 6950712409820111710}
  m_RootOrder: 0
  m_LocalEulerAnglesHint: {x: 0, y: 0, z: 2314.855}
--- !u!1 &6950712410964608807
GameObject:
  m_ObjectHideFlags: 0
  m_CorrespondingSourceObject: {fileID: 0}
  m_PrefabInstance: {fileID: 0}
  m_PrefabAsset: {fileID: 0}
  serializedVersion: 6
  m_Component:
  - component: {fileID: 6950712410964608806}
  m_Layer: 0
  m_Name: bone_6
  m_TagString: Untagged
  m_Icon: {fileID: 0}
  m_NavMeshLayer: 0
  m_StaticEditorFlags: 0
  m_IsActive: 1
--- !u!4 &6950712410964608806
Transform:
  m_ObjectHideFlags: 0
  m_CorrespondingSourceObject: {fileID: 0}
  m_PrefabInstance: {fileID: 0}
  m_PrefabAsset: {fileID: 0}
  m_GameObject: {fileID: 6950712410964608807}
  m_LocalRotation: {x: 0.0000000018453775, y: 0.00000012725249, z: 0.08911156, w: 0.9960217}
  m_LocalPosition: {x: 0.11556066, y: 0.000000028480459, z: 0}
  m_LocalScale: {x: 1, y: 1, z: 1}
  m_Children:
  - {fileID: 6950712410817314415}
  m_Father: {fileID: 6950712409505250775}
  m_RootOrder: 0
  m_LocalEulerAnglesHint: {x: 0, y: 0, z: 0}
